@book{hernandez2018metodologia,
  title={Metodolog{\'\i}a de la investigaci{\'o}n},
  author={Hern{\'a}ndez-Sampieri, Roberto and Fern{\'a}ndez Collado, Carlos and Baptista Lucio, Pilar and others},
  volume={4},
  year={2018},
  publisher={McGraw-Hill Interamericana M{\'e}xico}
}